@misc{wiki_stereoskopie,
  journal = {Wikipedia},
  title = {Wikipedia-Stereoskopie},
  year = {2020-12-25},
  medium = {online},
  accessed = {2020-12-31},
  %URL = {https://en.wikipedia.org/wiki/Stereoscopy},
  url = {http://web.archive.org/web/20080207010024/http://www.808multimedia.com/winnt/kernel.htm}, urldate = {2010-09-30}
}

@misc{dimension,
  journal = {ABZ_slovnik},
  title = {Dimenze-v√Ωznam slova},
  year = {2005},
  medium = {online},
  accessed = {2020-12-31},
  %URL = {https://slovnik-cizich-slov.abz.cz/web.php/slovo/dimenze},
  url = {http://web.archive.org/web/20080207010024/http://www.808multimedia.com/winnt/kernel.htm}
}